@article{Hussain-2021,
  title={Do detection-based warning strategies improve vehicle yielding behavior at uncontrolled midblock crosswalks?},
  author={Hussain, Qinaat and Alhajyaseen, Wael KM and Pirdavani, Ali and Brijs, Kris and Shaaban, Khaled and Brijs, Tom},
  journal={Accident Analysis \& Prevention},
  volume={157},
  pages={106166},
  year={2021},
  publisher={Elsevier}
}

@article{Koh-2014,
  title={Gap acceptance of violators at signalised pedestrian crossings},
  author={Koh, PP and Wong, YD},
  journal={Accident Analysis \& Prevention},
  volume={62},
  pages={178--185},
  year={2014},
  publisher={Elsevier}
}


@article{Rothman-2015,
  title={Associations between parents' perception of traffic danger, the built environment and walking to school},
  author={Rothman, Linda and Buliung, Ron and To, Teresa and Macarthur, Colin and Macpherson, Alison and Howard, Andrew},
  journal={Journal of Transport \& Health},
  volume={2},
  number={3},
  pages={327--335},
  year={2015},
  publisher={Elsevier}
}


@article{Tiwari-2007,
  title={Survival analysis: Pedestrian risk exposure at signalized intersections},
  author={Tiwari, Geetam and Bangdiwala, Shrikant and Saraswat, Arvind and Gaurav, Sushant},
  journal={Transportation research part F: traffic psychology and behaviour},
  volume={10},
  number={2},
  pages={77--89},
  year={2007},
  publisher={Elsevier}
}

@techreport{WHO-2018,
    title = {{Global Status Report on Road Safety}},
    year = {2018},
    author = {{World Health Organization}},
    pages = {406},
    url = {www.who.int},
    institution = {W.H.O},
    isbn = {978 92 4 156506 6}
}